<?xml version="1.0" encoding="UTF-8"?><record xmlns="http://www.loc.gov/MARC21/slim" xmlns:cinclude="http://apache.org/cocoon/include/1.0" xmlns:zs="http://www.loc.gov/zing/srw/">
  <leader>00391cz  a2200133n  4500</leader>
  <controlfield tag="001">n  88056219 </controlfield>
  <controlfield tag="003">DLC</controlfield>
  <controlfield tag="005">20030612033148.0</controlfield>
  <controlfield tag="008">880916n| acannaab           |n aaa      </controlfield>
  <datafield tag="010" ind1=" " ind2=" ">
    <subfield code="a">n  88056219 </subfield>
  </datafield>
  <datafield tag="040" ind1=" " ind2=" ">
    <subfield code="a">DLC</subfield>
    <subfield code="c">DLC</subfield>
    <subfield code="d">DNGA</subfield>
  </datafield>
  <datafield tag="100" ind1="1" ind2=" ">
    <subfield code="a">Cascella, Tommaso</subfield>
  </datafield>
  <datafield tag="670" ind1=" " ind2=" ">
    <subfield code="a">Sanguineti, E. Smorfie, 1986:</subfield>
    <subfield code="b">t.p. (Tommaso Cascella)</subfield>
  </datafield>
  <datafield tag="670" ind1=" " ind2=" ">
    <subfield code="a">Tommaso Cascella, 2002:</subfield>
    <subfield code="b">p. 157 (b. July 1951, Rome; artist)</subfield>
  </datafield>
</record>